<?xml version="1.0" encoding="UTF-8"?><collection xmlns="http://www.loc.gov/MARC21/slim"><record><leader>00365nam--2200133-i-4500</leader><controlfield tag="001">000049071</controlfield><controlfield tag="002">20161230</controlfield><controlfield tag="005">20161230201047</controlfield><controlfield tag="008">060222s1000------------r-----000-0-eng-d</controlfield><datafield ind1=" " ind2=" " tag="080"><subfield code="a">519.6</subfield></datafield><datafield ind1=" " ind2=" " tag="245"><subfield code="a">Aktualnye problemy vychislitelnoi matematiki i matematicheskogo modelirovaniia</subfield></datafield><datafield ind1=" " ind2=" " tag="260"><subfield code="a">Novosibirsk, Nauka, 1985. 264 S</subfield></datafield><datafield ind1=" " ind2=" " tag="700"><subfield code="a">A.S.Alekseev</subfield></datafield><datafield ind1=" " ind2=" " tag="852"><subfield code="a">73103</subfield></datafield></record></collection>